@MISC{Manual,
  title        = "µC/OS-III User Manual - µC/OS-III Documentation 3.05 - Doc.",
  howpublished = "\url{https://doc.micrium.com/pages/viewpage.action?pageId=15706203}",
  note         = "Accessed: 2016-3-19"
}

@book{001,
  title={MicroC/OS-II: the real-time kernel},
  author={Labrosse, Jean J},
  publisher={CMP Media, Inc.},
  pages={35},
  year={2002},
}

@MISC{blog,
  title        = "μCOS-II移植到ARM处理器上的几个要点",
  howpublished = "\url{http://m.blog.csdn.net/article/details?id=41709271}",
  author        = "maochengtao"
}